<record><leader>00000cas a22000007a 4500</leader><controlfield tag="001">19054564</controlfield><controlfield tag="008">890124d196719uupauwr ne      0    0eng d</controlfield><datafield ind1=" " ind2=" " tag="010"><subfield code="a">sn 89077842 </subfield></datafield><datafield ind1=" " ind2=" " tag="040"><subfield code="a">NPH</subfield><subfield code="b">eng</subfield><subfield code="c">NPH</subfield><subfield code="d">OCL</subfield><subfield code="d">OCLCQ</subfield></datafield><datafield ind1=" " ind2=" " tag="042"><subfield code="a">msc</subfield></datafield><datafield ind1="0" ind2=" " tag="130"><subfield code="a">Town talk (Media, Pa. : Suburban Chester ed.)</subfield></datafield><datafield ind1="1" ind2="0" tag="245"><subfield code="a">Town talk.</subfield></datafield><datafield ind1=" " ind2=" " tag="250"><subfield code="a">Suburban Chester ed.</subfield></datafield><datafield ind1=" " ind2=" " tag="260"><subfield code="a">Media, Pa. :</subfield><subfield code="b">Joseph B. Krug, Edward Berman</subfield></datafield><datafield ind1=" " ind2=" " tag="300"><subfield code="a">v. :</subfield><subfield code="b">ill. ;</subfield><subfield code="c">43 cm.</subfield></datafield><datafield ind1=" " ind2=" " tag="310"><subfield code="a">Weekly</subfield></datafield><datafield ind1="1" ind2=" " tag="362"><subfield code="a">Began in 1967?</subfield></datafield><datafield ind1=" " ind2=" " tag="500"><subfield code="a">"Now in our fourteenth year of serving this community."</subfield></datafield><datafield ind1=" " ind2=" " tag="500"><subfield code="a">"Serving every home in suburban Chester every week with the latest in local news and advertising."</subfield></datafield><datafield ind1=" " ind2=" " tag="500"><subfield code="a">Published in various editions.</subfield></datafield><datafield ind1=" " ind2=" " tag="588"><subfield code="a">Description based on: Vol. 14, no. 10 (Mar. 11, 1981).</subfield></datafield><datafield ind1=" " ind2=" " tag="752"><subfield code="a">United States</subfield><subfield code="b">Pennsylvania</subfield><subfield code="c">Delaware</subfield><subfield code="d">Media.</subfield></datafield><datafield ind1="1" ind2=" " tag="029"><subfield code="a">AU@</subfield><subfield code="b">000025881733</subfield></datafield></record>